
@Book{            alon.spencer:probabilistic,
  author        = {Noga Alon and Joel H. Spencer},
  title         = {The Probabilistic Method, Third Edition},
  series        = {Wiley-Interscience series in discrete mathematics and
                  optimization},
  publisher     = {Wiley},
  year          = {2008},
  isbn          = {978-0-470-17020-5},
  timestamp     = {Tue, 09 Jul 2019 17:08:12 +0200},
  biburl        = {https://dblp.org/rec/books/daglib/0021015.bib},
  bibsource     = {dblp computer science bibliography, https://dblp.org}
}

@Article{         chuzhoy.tan:towards,
  author        = {Julia Chuzhoy and Zihan Tan},
  title         = {Towards tight(er) bounds for the Excluded Grid Theorem},
  journal       = {J. Comb. Theory, Ser. {B}},
  volume        = {146},
  pages         = {219--265},
  year          = {2021},
  url           = {https://doi.org/10.1016/j.jctb.2020.09.010},
  doi           = {10.1016/j.jctb.2020.09.010},
  timestamp     = {Wed, 02 Dec 2020 13:39:14 +0100},
  biburl        = {https://dblp.org/rec/journals/jctb/ChuzhoyT21.bib},
  bibsource     = {dblp computer science bibliography, https://dblp.org}
}

@Article{         chuzhoy:improved,
  author        = {Julia Chuzhoy},
  title         = {Improved Bounds for the Excluded Grid Theorem},
  journal       = {CoRR},
  volume        = {abs/1602.02629},
  year          = {2016},
  url           = {http://arxiv.org/abs/1602.02629},
  eprinttype    = {arXiv},
  eprint        = {1602.02629},
  timestamp     = {Mon, 13 Aug 2018 16:47:34 +0200},
  biburl        = {https://dblp.org/rec/journals/corr/Chuzhoy16.bib},
  bibsource     = {dblp computer science bibliography, https://dblp.org}
}

@Article{         czerwinski.nadara.ea:improved,
  author        = {Wojciech Czerwinski and Wojciech Nadara and Marcin
                  Pilipczuk},
  title         = {Improved Bounds for the Excluded-Minor Approximation of
                  Treedepth},
  journal       = {{SIAM} J. Discret. Math.},
  volume        = {35},
  number        = {2},
  pages         = {934--947},
  year          = {2021},
  url           = {https://doi.org/10.1137/19M128819X},
  doi           = {10.1137/19M128819X},
  timestamp     = {Wed, 14 Jul 2021 15:55:46 +0200},
  biburl        = {https://dblp.org/rec/journals/siamdm/CzerwinskiNP21.bib},
  bibsource     = {dblp computer science bibliography, https://dblp.org}
}

@Book{            diestel:graph,
  author        = {Reinhard Diestel},
  title         = {Graph Theory, 4th Edition},
  series        = {Graduate texts in mathematics},
  volume        = {173},
  publisher     = {Springer},
  year          = {2012},
  isbn          = {978-3-642-14278-9},
  timestamp     = {Mon, 04 Mar 2013 20:55:42 +0100},
  biburl        = {https://dblp.org/rec/books/daglib/0030488.bib},
  bibsource     = {dblp computer science bibliography, https://dblp.org}
}

@Article{         hall:on,
  author        = {Hall, Philip},
  title         = {On Representatives of Subsets},
  journal       = {J. London Math. Soc.},
  volume        = {10},
  number        = {1},
  pages         = {26–30},
  year          = {1935},
  doi           = {10.1112/jlms/s1-10.37.26}
}

@InProceedings{   kawarabayashi.rossman:polynomial,
  author        = {Ken{-}ichi Kawarabayashi and Benjamin Rossman},
  editor        = {Artur Czumaj},
  title         = {A Polynomial Excluded-Minor Approximation of Treedepth},
  booktitle     = {Proceedings of the Twenty-Ninth Annual {ACM-SIAM}
                  Symposium on Discrete Algorithms, {SODA} 2018, New Orleans,
                  LA, USA, January 7-10, 2018},
  pages         = {234--246},
  publisher     = {{SIAM}},
  year          = {2018},
  url           = {https://doi.org/10.1137/1.9781611975031.17},
  doi           = {10.1137/1.9781611975031.17},
  timestamp     = {Tue, 02 Feb 2021 17:07:58 +0100},
  biburl        = {https://dblp.org/rec/conf/soda/KawarabayashiR18.bib},
  bibsource     = {dblp computer science bibliography, https://dblp.org}
}

@Article{         kun.obrien.ea:polynomial,
  author        = {Jeremy Kun and Michael P. O'Brien and Marcin Pilipczuk and
                  Blair D. Sullivan},
  title         = {Polynomial Treedepth Bounds in Linear Colorings},
  journal       = {Algorithmica},
  volume        = {83},
  number        = {1},
  pages         = {361--386},
  year          = {2021},
  url           = {https://doi.org/10.1007/s00453-020-00760-0},
  doi           = {10.1007/s00453-020-00760-0},
  timestamp     = {Fri, 14 May 2021 08:33:48 +0200},
  biburl        = {https://dblp.org/rec/journals/algorithmica/KunOPS21.bib},
  bibsource     = {dblp computer science bibliography, https://dblp.org}
}

@book{nesetril.ossona:sparsity,
  author    = {Jaroslav Nešetřil and
               Patrice Ossona de Mendez},
  title     = {Sparsity: Graphs, Structures, and Algorithms},
  series    = {Algorithms and combinatorics},
  volume    = {28},
  publisher = {Springer},
  year      = {2012},
  url       = {https://doi.org/10.1007/978-3-642-27875-4},
  doi       = {10.1007/978-3-642-27875-4},
  isbn      = {978-3-642-27874-7},
  timestamp = {Wed, 14 Nov 2018 10:12:21 +0100},
  biburl    = {https://dblp.org/rec/books/daglib/0030491.bib},
  bibsource = {dblp computer science bibliography, https://dblp.org}
}

@article{chuzoy.tan:towards,
  author    = {Julia Chuzhoy and
               Zihan Tan},
  title     = {Towards tight(er) bounds for the Excluded Grid Theorem},
  journal   = {J. Comb. Theory, Ser. {B}},
  volume    = {146},
  pages     = {219--265},
  year      = {2021},
  url       = {https://doi.org/10.1016/j.jctb.2020.09.010},
  doi       = {10.1016/j.jctb.2020.09.010},
  timestamp = {Thu, 14 Oct 2021 09:31:01 +0200},
  biburl    = {https://dblp.org/rec/journals/jctb/ChuzhoyT21.bib},
  bibsource = {dblp computer science bibliography, https://dblp.org}
}

@incollection{mcdiarmid:on,
  author    = {Colin McDiarmid},
  title     = {On the method of bounded differences},
  booktitle = {Invited Papers at the Twelfth British Combinatorial Conference},
  series    = {Surveys in Combinatorics},
  volume    = {141},
  year      = {1989},
  publisher = {Cambridge University Press},
  pages     = {148–188}
}


@article{nesetril.ossona:on,
author    = {Nešetřil, Jaroslav and
             Ossona de Mendez, Patrice},
  title     = {On Low Tree-Depth Decompositions},
  journal   = {Graphs Comb.},
  volume    = {31},
  number    = {6},
  pages     = {1941--1963},
  year      = {2015},
  url       = {https://doi.org/10.1007/s00373-015-1569-7},
  doi       = {10.1007/s00373-015-1569-7},
  timestamp = {Thu, 04 Jun 2020 19:41:06 +0200},
  biburl    = {https://dblp.org/rec/journals/gc/NesetrilM15.bib},
  bibsource = {dblp computer science bibliography, https://dblp.org}
}

@article{nesetril.ossona:grad,
author    = {Nešetřil, Jaroslav and
             Ossona de Mendez, Patrice},
  title     = {Grad and classes with bounded expansion I. Decompositions},
  journal   = {Eur. J. Comb.},
  volume    = {29},
  number    = {3},
  pages     = {760--776},
  year      = {2008},
  url       = {https://doi.org/10.1016/j.ejc.2006.07.013},
  doi       = {10.1016/j.ejc.2006.07.013},
  timestamp = {Sat, 16 Sep 2017 12:02:58 +0200},
  biburl    = {https://dblp.org/rec/journals/ejc/NesetrilM08.bib},
  bibsource = {dblp computer science bibliography, https://dblp.org}
}

@article{nesetril.ossona:tree-depth,
author    = {Nešetřil, Jaroslav and
             Ossona de Mendez, Patrice},
  title     = {Tree-depth, subgraph coloring and homomorphism bounds},
  journal   = {Eur. J. Comb.},
  volume    = {27},
  number    = {6},
  pages     = {1022--1041},
  year      = {2006},
  url       = {https://doi.org/10.1016/j.ejc.2005.01.010},
  doi       = {10.1016/j.ejc.2005.01.010},
  timestamp = {Sat, 16 Sep 2017 12:02:58 +0200},
  biburl    = {https://dblp.org/rec/journals/ejc/NesetrilM06.bib},
  bibsource = {dblp computer science bibliography, https://dblp.org}
}

@article{pilipczuk.siebertz:polynomial,
  author    = {Michal Pilipczuk and
               Sebastian Siebertz},
  title     = {Polynomial bounds for centered colorings on proper minor-closed graph
               classes},
  journal   = {J. Comb. Theory, Ser. {B}},
  volume    = {151},
  pages     = {111--147},
  year      = {2021},
  url       = {https://doi.org/10.1016/j.jctb.2021.06.002},
  doi       = {10.1016/j.jctb.2021.06.002},
  timestamp = {Thu, 14 Oct 2021 16:38:29 +0200},
  biburl    = {https://dblp.org/rec/journals/jctb/PilipczukS21.bib},
  bibsource = {dblp computer science bibliography, https://dblp.org}
}


@Article{	  bodlaender.deogun.ea:rankings,
  author	= {Hans L. Bodlaender and Jitender S. Deogun and Klaus Jansen
		  and Ton Kloks and Dieter Kratsch and Haiko M{\"{u}}ller and
		  Zsolt Tuza},
  title		= {Rankings of Graphs},
  journal	= {{SIAM} J. Discret. Math.},
  volume	= {11},
  number	= {1},
  pages		= {168--181},
  year		= {1998},
  url		= {https://doi.org/10.1137/S0895480195282550},
  doi		= {10.1137/S0895480195282550},
  timestamp	= {Sat, 25 Apr 2020 13:56:57 +0200},
  biburl	= {https://dblp.org/rec/journals/siamdm/BodlaenderDJKKMT98.bib},
  bibsource	= {dblp computer science bibliography, https://dblp.org}
}

@Article{	  bodlaender.gilbert.ea:approximating,
  author	= {Hans L. Bodlaender and John R. Gilbert and Hj{\'{a}}lmtyr
		  Hafsteinsson and Ton Kloks},
  title		= {Approximating Treewidth, Pathwidth, Frontsize, and
		  Shortest Elimination Tree},
  journal	= {J. Algorithms},
  volume	= {18},
  number	= {2},
  pages		= {238--255},
  year		= {1995},
  url		= {https://doi.org/10.1006/jagm.1995.1009},
  doi		= {10.1006/jagm.1995.1009},
  timestamp	= {Sun, 02 Jun 2019 20:52:08 +0200},
  biburl	= {https://dblp.org/rec/journals/jal/BodlaenderGHK95.bib},
  bibsource	= {dblp computer science bibliography, https://dblp.org}
}

@Article{	  deogun.kloks.ea:on,
  author	= {Jitender S. Deogun and Ton Kloks and Dieter Kratsch and
		  Haiko M{\"{u}}ller},
  title		= {On the Vertex Ranking Problem for Trapezoid, Circular-arc
		  and Other Graphs},
  journal	= {Discret. Appl. Math.},
  volume	= {98},
  number	= {1-2},
  pages		= {39--63},
  year		= {1999},
  url		= {https://doi.org/10.1016/S0166-218X(99)00179-1},
  doi		= {10.1016/S0166-218X(99)00179-1},
  timestamp	= {Thu, 20 Feb 2020 15:48:54 +0100},
  biburl	= {https://dblp.org/rec/journals/dam/DeogunKKM99.bib},
  bibsource	= {dblp computer science bibliography, https://dblp.org}
}

@InProceedings{	  dereniowski.kubale:cholesky,
  author	= {Dariusz Dereniowski and Marek Kubale},
  editor	= {Roman Wyrzykowski and Jack J. Dongarra and Marcin
		  Paprzycki and Jerzy Wasniewski},
  title		= {Cholesky Factorization of Matrices in Parallel and Ranking
		  of Graphs},
  booktitle	= {Parallel Processing and Applied Mathematics, 5th
		  International Conference, {PPAM} 2003, Czestochowa, Poland,
		  September 7-10, 2003. Revised Papers},
  series	= {Lecture Notes in Computer Science},
  volume	= {3019},
  pages		= {985--992},
  publisher	= {Springer},
  year		= {2003},
  url		= {https://doi.org/10.1007/978-3-540-24669-5\_127},
  doi		= {10.1007/978-3-540-24669-5\_127},
  timestamp	= {Tue, 14 May 2019 10:00:45 +0200},
  biburl	= {https://dblp.org/rec/conf/ppam/DereniowskiK03.bib},
  bibsource	= {dblp computer science bibliography, https://dblp.org}
}

@Article{	  dereniowski.nadolski:vertex,
  author	= {Dariusz Dereniowski and Adam Nadolski},
  title		= {Vertex rankings of chordal graphs and weighted trees},
  journal	= {Inf. Process. Lett.},
  volume	= {98},
  number	= {3},
  pages		= {96--100},
  year		= {2006},
  url		= {https://doi.org/10.1016/j.ipl.2005.12.006},
  doi		= {10.1016/j.ipl.2005.12.006},
  timestamp	= {Fri, 30 Nov 2018 13:29:07 +0100},
  biburl	= {https://dblp.org/rec/journals/ipl/DereniowskiN06.bib},
  bibsource	= {dblp computer science bibliography, https://dblp.org}
}
